<record><leader>00000cas a22000007a 4500</leader><controlfield tag="001">25697816</controlfield><controlfield tag="008">920423d190u1902wyuwr ne      0    0eng d</controlfield><datafield ind1=" " ind2=" " tag="010"><subfield code="a">sn 92067013 </subfield></datafield><datafield ind1=" " ind2=" " tag="040"><subfield code="a">NVO</subfield><subfield code="b">eng</subfield><subfield code="c">NVO</subfield><subfield code="d">OCLCQ</subfield></datafield><datafield ind1=" " ind2=" " tag="042"><subfield code="a">msc</subfield></datafield><datafield ind1="0" ind2="4" tag="245"><subfield code="a">The Newcastle news journal and Weston County leader.</subfield></datafield><datafield ind1="1" ind2="3" tag="246"><subfield code="a">News-journal</subfield></datafield><datafield ind1="1" ind2="3" tag="246"><subfield code="a">News-journal and Weston County leader</subfield></datafield><datafield ind1=" " ind2=" " tag="260"><subfield code="a">Newcastle, Weston County, Wyo. :</subfield><subfield code="b">Beatty and Hilton</subfield></datafield><datafield ind1=" " ind2=" " tag="300"><subfield code="a">v.</subfield></datafield><datafield ind1=" " ind2=" " tag="310"><subfield code="a">Weekly</subfield></datafield><datafield ind1="0" ind2=" " tag="362"><subfield code="a">-v. 13, no. 41 (June 27, 1902).</subfield></datafield><datafield ind1=" " ind2=" " tag="588"><subfield code="a">Description based on: Vol. 12, no. 19 (Jan. 18, 1901).</subfield></datafield><datafield ind1=" " ind2="4" tag="651"><subfield code="a">Newcastle (Wyo.)</subfield><subfield code="v">Newspapers.</subfield></datafield><datafield ind1=" " ind2="4" tag="651"><subfield code="a">Weston County (Wyo.)</subfield><subfield code="v">Newspapers.</subfield></datafield><datafield ind1=" " ind2=" " tag="752"><subfield code="a">United States</subfield><subfield code="b">Wyoming</subfield><subfield code="c">Weston</subfield><subfield code="d">Newcastle.</subfield></datafield><datafield ind1="0" ind2="4" tag="780"><subfield code="t">Newcastle news-journal (Newcastle, Wyo. : 1892)</subfield><subfield code="w">(DLC)sn 92067011</subfield></datafield><datafield ind1="0" ind2="4" tag="780"><subfield code="t">Weston County leader</subfield><subfield code="w">(DLC)sn 92067012</subfield></datafield><datafield ind1="0" ind2="0" tag="785"><subfield code="t">Newcastle news-journal (Newcastle, Wyo. : 1902)</subfield><subfield code="w">(DLC)sn 92067014</subfield></datafield></record>